@article{blum1996n,
  title={An O (n log n) implementation of the standard method for minimizing n-state finite automata},
  author={Blum, Norbert},
  journal={Information Processing Letters},
  volume={57},
  number={2},
  pages={65--69},
  year={1996},
  publisher={Elsevier}
}

@incollection{hopcroft1971n,
  title={An n log n algorithm for minimizing states in a finite automaton},
  author={Hopcroft, John},
  booktitle={Theory of machines and computations},
  pages={189--196},
  year={1971},
  publisher={Elsevier}
}

@book{vieira2006introduccao,
  title={Introdu{\c{c}}{\~a}o aos fundamentos da computa{\c{c}}{\~a}o: linguagens e m{\'a}quinas},
  author={Vieira, Newton Jos{\'e}},
  year={2006},
  publisher={Pioneira Thomson Learning}
}